%% This BibTeX bibliography file was created using BibDesk.
%% http://bibdesk.sourceforge.net/


%% Created for Angela Jiang at 2014-05-16 22:28:17 -0500 


%% Saved with string encoding Unicode (UTF-8) 



@inproceedings{kademlia,
	Author = {Petar Maymounkov and David Mazieres},
	Booktitle = {Proceeding IPTPS '01 Revised Papers from the First International Workshop on Peer-to-Peer Systems},
	Date-Added = {2014-05-17 02:26:55 +0000},
	Date-Modified = {2014-05-17 02:30:26 +0000},
	Title = {Kademlia: A Peer-to-peer Information System Based on the XOR Metric},
	Year = {2001}}

@inproceedings{Weninger:reddit,
	Author = {Tim Weninger and Xihao Avi Zhu and Jiawei Han},
	Booktitle = {ASONAM '13 Proceedings of the 2013 IEEE/ACM International Conference on Advances in Social Networks Analysis and Mining },
	Date-Added = {2014-05-17 03:25:42 +0000},
	Date-Modified = {2014-05-17 03:28:17 +0000},
	Title = {An Exploration of Discussion Threads in Social News Sites: A Case Study of the Reddit Community},
	Year = {2013}}

@inproceedings{ramasubramanian2004beehive,
  title={Beehive: O (1) Lookup Performance for Power-Law Query Distributions in Peer-to-Peer Overlays.},
  author={Ramasubramanian, Venugopalan and Sirer, Emin G{\"u}n}
}
